@article{burger2012noisemes,
  title={Noisemes: Manual annotation of environmental noise in audio streams},
  author={Burger, Susanne and Jin, Qin and Schulam, Peter F and Metze, Florian},
  journal={submission to Interspeech},
  year={2012}
}

@inproceedings{wang2014exploring,
  title={Exploring audio semantic concepts for event-based video retrieval},
  author={Wang, Yipei and Rawat, Shourabh and Metze, Florian},
  booktitle={Acoustics, Speech and Signal Processing (ICASSP), 2014 IEEE International Conference on},
  pages={1360--1364},
  year={2014},
  organization={IEEE}
}

@inproceedings{eyben2013recent,
  title={Recent developments in opensmile, the munich open-source multimedia feature extractor},
  author={Eyben, Florian and Weninger, Felix and Gro{\ss}, Florian and Schuller, Bj{\"o}rn},
  booktitle={Proceedings of the 21st ACM international conference on Multimedia},
  pages={835--838},
  year={2013},
  organization={ACM}
}